<record><leader>00000cas a22000007a 4500</leader><controlfield tag="001">10421490</controlfield><controlfield tag="008">840216d18861893ohuwr ne      0    0eng d</controlfield><datafield ind1=" " ind2=" " tag="010"><subfield code="a">sn 84028111 </subfield></datafield><datafield ind1=" " ind2=" " tag="040"><subfield code="a">NPY</subfield><subfield code="b">eng</subfield><subfield code="c">NPY</subfield><subfield code="d">ONP</subfield><subfield code="d">OCLCQ</subfield></datafield><datafield ind1=" " ind2=" " tag="042"><subfield code="a">msc</subfield></datafield><datafield ind1="0" ind2="0" tag="245"><subfield code="a">Berea grit.</subfield></datafield><datafield ind1=" " ind2=" " tag="260"><subfield code="a">Berea, Ohio :</subfield><subfield code="b">S.S. &amp; F.C. Brown,</subfield><subfield code="c">-1893.</subfield></datafield><datafield ind1=" " ind2=" " tag="300"><subfield code="a">v. :</subfield><subfield code="b">ill. ;</subfield><subfield code="c">51-56 cm.</subfield></datafield><datafield ind1=" " ind2=" " tag="310"><subfield code="a">Weekly</subfield></datafield><datafield ind1="1" ind2=" " tag="362"><subfield code="a">Began in 1886.</subfield></datafield><datafield ind1="0" ind2=" " tag="362"><subfield code="a">-v. 7, no. 21 (Mar. 31, 1893).</subfield></datafield><datafield ind1=" " ind2=" " tag="500"><subfield code="a">Editors: S.S. &amp; F.C. Brown, &lt;Apr. 28, 1888&gt;; Dan C. Stearns, &lt;Sept. 12, 1890&gt;-Mar. 31, 1893.</subfield></datafield><datafield ind1=" " ind2=" " tag="525"><subfield code="a">Supplements accompany some issues.</subfield></datafield><datafield ind1=" " ind2=" " tag="588"><subfield code="a">Description based on: Vol. 2, no. 24 (Apr. 28, 1888).</subfield></datafield><datafield ind1="1" ind2=" " tag="700"><subfield code="a">Stearns, Daniel C.</subfield></datafield><datafield ind1="1" ind2=" " tag="700"><subfield code="a">Brown, S. S.,</subfield><subfield code="d">1829-</subfield></datafield><datafield ind1="1" ind2=" " tag="700"><subfield code="a">Brown, F. S.</subfield></datafield><datafield ind1=" " ind2=" " tag="752"><subfield code="a">United States</subfield><subfield code="b">Ohio</subfield><subfield code="c">Cuyahoga</subfield><subfield code="d">Berea.</subfield></datafield><datafield ind1="0" ind2="7" tag="785"><subfield code="t">Mail and news</subfield><subfield code="w">(DLC)sn 88078707</subfield></datafield><datafield ind1="0" ind2="7" tag="785"><subfield code="t">County news (Brooklyn Village, Ohio)</subfield><subfield code="w">(DLC)sn 84028112</subfield></datafield></record>